<collection xmlns="http://www.loc.gov/MARC21/slim"><record><leader>00685cam  2200217   450</leader><controlfield tag="001">831</controlfield><controlfield tag="003">http://montalegre.opacnet.com/OPAC/default.aspx?ContentAreaControl=ShowRegHoldings.ascx&amp;RegNo=16662</controlfield><controlfield tag="005">20</controlfield><datafield tag="095" ind1=" " ind2=" "><subfield code="a">PTBN00927497</subfield></datafield><datafield tag="100" ind1=" " ind2=" "><subfield code="a">20061013d1973    m  y0pory010305  ba</subfield></datafield><datafield tag="101" ind1="1" ind2=" "><subfield code="a">por</subfield><subfield code="c">eng</subfield></datafield><datafield tag="102" ind1=" " ind2=" "><subfield code="a">PT</subfield></datafield><datafield tag="200" ind1="1" ind2=" "><subfield code="a">&lt;A &gt;mocidade de Lawrence da Arábia</subfield><subfield code="f">James Cadell</subfield></datafield><datafield tag="210" ind1=" " ind2=" "><subfield code="a">Lisboa</subfield><subfield code="c">Verbo</subfield><subfield code="d">imp. 1973</subfield></datafield><datafield tag="215" ind1=" " ind2=" "><subfield code="a">175 p.</subfield><subfield code="c">il.</subfield><subfield code="d">19 cm</subfield></datafield><datafield tag="225" ind1="2" ind2=" "><subfield code="a">Biblioteca da juventude</subfield><subfield code="i">Série F</subfield><subfield code="v">5</subfield></datafield><datafield tag="675" ind1=" " ind2=" "><subfield code="a">087.5</subfield></datafield><datafield tag="700" ind1=" " ind2="1"><subfield code="a">Cadell</subfield><subfield code="b">James</subfield></datafield><datafield tag="801" ind1=" " ind2="0"><subfield code="a">PT</subfield><subfield code="b">Biblioteca Municipal de Montalegre</subfield><subfield code="g">RPC</subfield></datafield><datafield tag="856" ind1=" " ind2=" "><subfield code="u">locateMedia.asp?cod=20060626122236&amp;ext=jpg</subfield><subfield code="z">CAPA</subfield></datafield><datafield tag="909" ind1="&#9;" ind2=" "><subfield code="a">2</subfield></datafield><datafield tag="966" ind1=" " ind2=" "><subfield code="a">0001345</subfield><subfield code="l">BMM</subfield><subfield code="s">SJ 087.5 CAD moc</subfield></datafield><datafield tag="966" ind1=" " ind2=" "><subfield code="a">1101888</subfield><subfield code="l">BEBB</subfield><subfield code="s">BEBB 82-93 CAD</subfield></datafield></record></collection>